@article{gupta2021fault,
  title={Fault-tolerant distributed transactions on blockchain},
  author={Gupta, Suyash and Hellings, Jelle and Sadoghi, Mohammad},
  journal={Synthesis Lectures on Data Management},
  volume={16},
  number={1},
  pages={1--268},
  year={2021},
  publisher={Morgan \& Claypool Publishers}
}

@inproceedings{rcc,
  title={Rcc: Resilient concurrent consensus for high-throughput secure transaction processing},
  author={Gupta, Suyash and Hellings, Jelle and Sadoghi, Mohammad},
  booktitle={2021 IEEE 37th International Conference on Data Engineering (ICDE)},
  pages={1392--1403},
  year={2021},
  organization={IEEE}
}

@article{lao2020survey,
  title={A survey of IoT applications in blockchain systems: Architecture, consensus, and traffic modeling},
  author={Lao, Laphou and Li, Zecheng and Hou, Songlin and Xiao, Bin and Guo, Songtao and Yang, Yuanyuan},
  journal={ACM Computing Surveys (CSUR)},
  volume={53},
  number={1},
  pages={1--32},
  year={2020},
  publisher={ACM New York, NY, USA}
}

@article{pbftj,
    author      = {Castro, Miguel and Liskov, Barbara},
    title       = {Practical Byzantine Fault Tolerance and Proactive Recovery},
    journal     = {ACM Transactions on Computer Systems},
    volume      = {20},
    number      = {4},
    year        = {2002},
    pages       = {398--461},
    doi         = {10.1145/571637.571640},
    publisher   = {ACM}
}

@inproceedings{pbft,
    author      = {Castro, Miguel and Liskov, Barbara},
    title       = {Practical Byzantine Fault Tolerance},
    booktitle   = {Proceedings of the Third Symposium on Operating Systems Design and Implementation},
    year        = {1999},
    pages       = {173--186},
    publisher   = {USENIX Association}
}

@article{ida,
    author      = {Rabin, Michael O.},
    title       = {Efficient Dispersal of Information for Security, Load Balancing, and Fault Tolerance},
    journal     = {Journal of the ACM},
    volume      = {36},
    number      = {2},
    year        = {1989},
    pages       = {335--348},
    doi         = {10.1145/62044.62050},
    publisher   = {ACM}
} 

@article{idacert,
    title       = {Scalable Secure Storage When Half the System Is Faulty},
    journal     = {Information and Computation},
    volume      = {174},
    number      = {2},
    pages       = {203--213},
    year        = {2002},
    doi         = {10.1006/inco.2002.3148},
    author      = {Noga Alon and Haim Kaplan and Michael Krivelevich and Dahlia Malkhi and Julien Stern},
}

@article{idacertadd,
    title       = {Addendum to ``Scalable secure storage when half the system is faulty''},
    journal     = {Information and Computation},
    volume      = {205},
    number      = {7},
    pages       = {1114--1116},
    year        = {2007},
    doi         = {10.1016/j.ic.2006.02.007},
    author      = {Noga Alon and Haim Kaplan and Michael Krivelevich and Dahlia Malkhi and Julien Stern}
}

@inproceedings{leaderfree,
    author      = {Borran, Fatemeh and Schiper, Andr{\'e}},
    title       = {A Leader-Free Byzantine Consensus Algorithm},
    booktitle   = {Distributed Computing and Networking},
    year        = {2010},
    publisher   = {Springer Berlin Heidelberg},
    pages       = {67--78},
    doi         = {10.1007/978-3-642-11322-2_11}
}



@article{fastbft,
    author      = {Liu, Jian and Li, Wenting and Karame, Ghassan O. and N. Asokan},
    journal     = {IEEE Transactions on Computers},
    title       = {Scalable Byzantine Consensus via Hardware-Assisted Secret Sharing},
    year        = {2019},
    volume      = {68},
    number      = {1},
    pages       = {139-151},
    doi         = {10.1109/TC.2018.2860009},
    publisher   = {IEEE}
}

@inproceedings{rsasign,
    author      = {Shoup, Victor},
    title       = {Practical Threshold Signatures},
    booktitle   = {Advances in Cryptology --- EUROCRYPT 2000},
    year        = {2000},
    publisher   = {Springer Berlin Heidelberg},
    pages       = {207--220},
    doi         = {10.1007/3-540-45539-6_15}
}

@inproceedings{zyzzyva,
    author      = {Kotla, Ramakrishna and Alvisi, Lorenzo and Dahlin, Mike and Clement, Allen and Wong, Edmund},
    title       = {{Zyzzyva}: Speculative Byzantine Fault Tolerance},
    booktitle   = {Proceedings of Twenty-first ACM SIGOPS Symposium on Operating Systems Principles},
    year        = {2007},
    pages       = {45--58},
    doi         = {10.1145/1294261.1294267},
    publisher   = {ACM},
} 

@article{zyzzyvaj,
    author      = {Kotla, Ramakrishna and Alvisi, Lorenzo and Dahlin, Mike and Clement, Allen and Wong, Edmund},
    title       = {{Zyzzyva}: Speculative Byzantine Fault Tolerance},
    journal     = {ACM Transactions on Computer Systems},
    volume      = {27},
    number      = {4},
    year        = {2009},
    pages       = {7:1--7:39},
    numpages    = {39},
    doi         = {10.1145/1658357.1658358},
    publisher   = {ACM}
} 

@article{bft700,
    author      = {Aublin, Pierre-Louis and Guerraoui, Rachid and Kne\v{z}evi\'{c}, Nikola and Qu{\'e}ma, Vivien and Vukoli\'{c}, Marko},
    title       = {The Next 700 BFT Protocols},
    journal     = {ACM Transactions on Computer Systems},
    volume      = {32},
    number      = {4},
    year        = {2015},
    pages       = {12:1--12:45},
    doi         = {10.1145/2658994},
    publisher   = {ACM}
} 


@inproceedings{rbft,
    author      = {Aublin, Pierre-Louis and Mokhtar, Sonia Ben and  Qu{\'e}ma, Vivien},
    booktitle   = {2013 IEEE 33rd International Conference on Distributed Computing Systems},
    title       = {{RBFT}: Redundant Byzantine Fault Tolerance},
    year        = {2013},
    pages       = {297--306},
    doi         = {10.1109/ICDCS.2013.53},
    publisher   = {IEEE}
}

@inbook{byza,
    author      = {Okun, Michael},
    title       = {Byzantine Agreement},
    booktitle   = {Encyclopedia of Algorithms},
    year        = {2016},
    publisher   = {Springer New York},
    pages       = {255--259},
    doi         = {10.1007/978-1-4939-2864-4_60}
}

@book{distalgo,
    author      = {Tel, Gerard},
    title       = {Introduction to Distributed Algorithms},
    year        = {2001},
    edition     = {2nd},
    publisher   = {Cambridge University Press}
}

@misc{tcp,
    url             = {https://tools.ietf.org/html/rfc7414},
    title           = {A Roadmap for {T}ransmission {C}ontrol {P}rotocol ({TCP}) Specification Documents},
    author          = {Martin Duke and Robert Braden and Eddy, Wesley M. and Ethan Blanton and Alexander Zimmermann},
    organization    = {Internet Engineering Task Force},
    year            = {2015}
}

@misc{pwcenergy,
    title       = {Blockchain -- an opportunity for energy producers and consumers?},
    author      = {{PwC}},
    year        = {2016},
    url         = {https://www.pwc.com/gx/en/industries/energy-utilities-resources/publications/opportunity-for-energy-producers.html},
}

@misc{christies,
    url         = {https://www.christies.com/presscenter/pdf/9160/RELEASE_ChristiesxArtoryxEbsworth_9160_1.pdf},
    title       = {Major Collection of the Fall Auction Season to be Recorded with Blockchain Technology},
    author      = {{Christie's}},
    year        = {2018}
}

@techreport{impactblock,
    url         = {https://www.cimb.ch/uploads/1/1/5/4/115414161/geneva21_1.pdf},
    year        = {2018},
    author      = {Casey, Michael and Crane, Jonah and Gensler, Gary and Johnson,  Simon  and Narula, Neha},
    institution = {International Center for Monetary and Banking Studies},
    title       = {The Impact of Blockchain Technology on Finance: A Catalyst for Change}
}

@techreport{wurblockfood,
    url         = {https://www.wur.nl/nl/Publicatie-details.htm?publicationId=publication-way-353330323634},
    institution = {Wageningen University},
    year        = {2017},
    author      = {Ge, Lan and Brewster,  Christopher and Spek, Jacco and Smeenk, Anton and Top, Jan},
    title       = {Blockchain for agriculture and food: Findings from the pilot study}
}


@techreport{hypereal,
    title       = {Blockchain and Economic Development: Hype vs. Reality},
    author      = {Pisa, Michael and Juden, Matt},
    year        = {2017},
    url         = {https://www.cgdev.org/publication/blockchain-and-economic-development-hype-vs-reality},
    institution = {Center for Global Development}
}

@misc{blockdev,
    title       = {Blockchain for Development: Emerging Opportunities for Mobile, Identity and Aid},
    url         = {https://www.gsma.com/mobilefordevelopment/wp-content/uploads/2017/12/Blockchain-for-Development.pdf},
    author      = {{GSM Association}},
    year        = {2017}
}

@techreport{promiseblock,
    title       = {The promise of blockchain},
    author      = {Higginson, Matt and Lorenz, Johannes-Tobias and Münstermann, Björn and Olesen, Peter Braad},
    year        = {2017},
    url         = {https://www.mckinsey.com/industries/financial-services/our-insights/the-promise-of-blockchain},
    institution = {McKinsey\&Company}
}



@article{blockhealthover,
    author      = {Kamel Boulos, Maged N. and Wilson, James T. and Clauson, Kevin A.},
    title       = {Geospatial blockchain: promises, challenges, and scenarios in health and healthcare},
    journal     = {International Journal of Health Geographics},
    year        = {2018},
    volume      = {17},
    number      = {1},
    doi         = {10.1186/s12942-018-0144-x},
    pages       = {1211--1220}
}

@article{blockhealthfac,
    title   = {Blockchain Technology for Healthcare: Facilitating the Transition to Patient-Driven Interoperability},
    journal = {Computational and Structural Biotechnology Journal},
    volume  = {16},
    pages   = {224--230},
    year    = {2018},
    doi     = {10.1016/j.csbj.2018.06.003},
    author  = {Gordon, William J. and Catalini,  Christian}
}

@techreport{blockeu,
    url         = {https://www.cognizant.com/whitepapers/blockchain-in-europe-closing-the-strategy-gap-codex3320.pdf},
    institution = {Cognizant Consulting},
    title       = {Blockchain in {Europe}: Closing the Strategy Gap},
    year        = {2018},
    author      = {Blechschmidt, Burkhard}
}

@techreport{ibmgdpr,
    url         = {https://public.dhe.ibm.com/common/ssi/ecm/61/en/61014461usen/security-ibm-security-solutions-wg-white-paper-external-61014461usen-20180319.pdf},
    title       = {Blockchain and {GDPR}: How blockchain could address five areas associated with GDPR compliance},
    year        = {2018},
    institution = {IBM Security},
    author      = {Compert, Cindy and Luinetti, Maurizio and Portier, Bertrand}
}

@misc{bitcoin,
    title       = {Bitcoin: A Peer-to-Peer Electronic Cash System},
    author      = {Nakamoto, Satoshi},
    url         = {https://bitcoin.org/en/bitcoin-paper}
}

@misc{ethereum,
    title       = {Ethereum: a secure decentralised generalised transaction ledger},
    note        = {{EIP}-150 revision},
    author      = {Wood, Gavin}, 
    url         = {https://gavwood.com/paper.pdf}
}

@inbook{encybd,
    author      = {Gupta, Suyash and Sadoghi, Mohammad},    
    title       = {Blockchain Transaction Processing},
    booktitle   = {Encyclopedia of Big Data Technologies},
    year        = {2018},
    publisher   = {Springer International Publishing},
    pages       = {1--11},
    doi         = {10.1007/978-3-319-63962-8_333-1}
}

@misc{bitp2p,
    url     = {https://bitcoin.org/en/developer-guide#p2p-network},
    title   = {Bitcoin Developer Guide: P2P Network},
    year    = {2018},
    author  = {{Bitcoin Project}}
}

@article{badcoin,
    title       = {Bitcoin's Growing Energy Problem},
    journal     = {Joule},
    volume      = {2},
    number      = {5},
    pages       = {801--805},
    year        = {2018},
    doi         = {10.1016/j.joule.2018.04.016},
    author      = {de Vries, Alex},
    publisher   = {Elsevier}
}

@article{badbadcoin,
    title       = {Sustainability of bitcoin and blockchains},
    journal     = {Current Opinion in Environmental Sustainability},
    volume      = {28},
    pages       = {1--9},
    year        = {2017},
    doi         = {10.1016/j.cosust.2017.04.011},
    author      = {Vranken, Harald},
    publisher   = {Elsevier}
}

@article{steward, 
    author      = {Yair Amir and Claudiu Danilov and Danny Dolev and Jonathan Kirsch and John Lane and Cristina Nita-Rotaru and Josh Olsen and David Zage}, 
    journal     = {IEEE Transactions on Dependable and Secure Computing},
    title       = {Steward: Scaling Byzantine Fault-Tolerant Replication to Wide Area Networks},
    year        = {2010},
    volume      = {7},
    number      = {1},
    pages       = {80-93},
    doi         = {10.1109/TDSC.2008.53},
    publisher   = {IEEE}
}

@inproceedings{algorand,
    author      = {Gilad, Yossi and Hemo, Rotem and Micali, Silvio and Vlachos, Georgios and Zeldovich, Nickolai},
    title       = {Algorand: Scaling Byzantine Agreements for Cryptocurrencies},
    booktitle   = {Proceedings of the 26th Symposium on Operating Systems Principles},
    year        = {2017},
    pages       = {51--68},
    numpages    = {18},
    doi         = {10.1145/3132747.3132757},
    publisher   = {ACM}
}

@inproceedings{aardvark,
    author      = {Clement, Allen and Wong, Edmund and Alvisi, Lorenzo and Dahlin, Mike and Marchetti, Mirco},
    title       = {Making Byzantine Fault Tolerant Systems Tolerate Byzantine Faults},
    booktitle   = {Proceedings of the 6th USENIX Symposium on Networked Systems Design and Implementation},
    year        = {2009},
    pages       = {153--168},
    publisher   = {USENIX Association}
} 

@inproceedings{scaling,
    author      = {Berger, Christian and Reiser, Hans P.},
    title       = {Scaling Byzantine Consensus: A Broad Analysis},
    booktitle   = {Proceedings of the 2nd Workshop on Scalable and Resilient Infrastructures for Distributed Ledgers},
    series      = {SERIAL'18},
    year        = {2018},
    pages       = {13--18},
    numpages    = {6},
    doi         = {10.1145/3284764.3284767},
    publisher   = {ACM}
 }

@article{untangle,
    author  = {Dinh, Tien Tuan Anh and Liu, Rui and Zhang, Meihui and Chen, Gang and Ooi, Beng Chin and Wang, Ji},
    journal = {IEEE Transactions on Knowledge and Data Engineering},
    title   = {Untangling Blockchain: A Data Processing View of Blockchain Systems},
    year    = {2018},
    volume  = {30},
    number  = {7},
    pages   = {1366--1385},
    doi     = {10.1109/TKDE.2017.2781227}
}

@book{distsys,
    author      = {van Steen, Maarten and Tanenbaum,  Andrew S.},
    title       = {Distributed Systems},
    year        = {2017},
    edition     = {3th},
    publisher   = {Maarten van Steen},
    url         = {https://www.distributed-systems.net/}
}

@inproceedings{wild,
    author      = {Christian Cachin and Marko Vukolic},
    title       = {Blockchain Consensus Protocols in the Wild (Keynote Talk)},
    booktitle   = {31st International Symposium on Distributed Computing},
    pages       = {1:1--1:16},
    series      = {Leibniz International Proceedings in Informatics (LIPIcs)},
    year        = {2017},
    volume      = {91},
    publisher   = {Schloss Dagstuhl--Leibniz-Zentrum fuer Informatik},
    doi         = {10.4230/LIPIcs.DISC.2017.1}
}

@article{optimamess,
    author      = {Hadzilacos, Vassos and Halpern, Joseph Y.},
    title       = {Message-optimal protocols for Byzantine Agreement},
    journal     = {Mathematical systems theory},
    year        = {1993},
    volume      = {26},
    number      = {1},
    pages       = {41--102},
    doi         = {10.1007/BF01187074},
    publisher   = {Springer-Verlag}
}

@article{flp,
    author      = {Fischer, Michael J. and Lynch, Nancy A. and Paterson, Michael S.},
    title       = {Impossibility of Distributed Consensus with One Faulty Process},
    journal     = {Journal of the ACM},
    volume      = {32},
    number      = {2},
    year        = {1985},
    pages       = {374--382},
    publisher   = {ACM},
    doi         = {10.1145/3149.214121}
}

@article{generalmw,
    title   = {Extended impossibility results for asynchronous complete networks},
    journal = {Information Processing Letters},
    volume  = {26},
    number  = {3},
    pages   = {145--151},
    year    = {1987},
    author  = {Moran, Shlomo and Wolfstahl, Yaron},
    doi     = {10.1016/0020-0190(87)90052-4}
}

@article{brachatoueg,
    author      = {Bracha, Gabriel and Toueg, Sam},
    title       = {Asynchronous Consensus and Broadcast Protocols},
    journal     = {Journal of the ACM},
    volume      = {32},
    number      = {4},
    year        = {1985},
    pages       = {824--840},
    publisher   = {ACM},
    doi         = {10.1145/4221.214134}
} 

@article{consbound,
    author      = {Pease, M. and Shostak, R. and Lamport, L.},
    title       = {Reaching Agreement in the Presence of Faults},
    journal     = {Journal of the ACM},
    volume      = {27},
    number      = {2},
    year        = {1980},
    pages       = {228--234},
    publisher   = {ACM},
    doi         = {10.1145/322186.322188}
} 

@article{dolevstrong,
    author      = {Dolev, D. and Strong, H.},
    title       = {Authenticated Algorithms for Byzantine Agreement},
    journal     = {SIAM Journal on Computing},
    volume      = {12},
    number      = {4},
    pages       = {656--666},
    year        = {1983},
    doi         = {10.1137/0212045}
}

@article{dolevbound,
    author      = {Dolev, Danny and Reischuk, R\"{u}diger},
    title       = {Bounds on Information Exchange for Byzantine Agreement},
    journal     = {Journal of the ACM },
    volume      = {32},
    number      = {1},
    year        = {1985},
    pages       = {191--204},
    doi         = {10.1145/2455.214112},
    publisher   = {ACM}
}

@book{hac,
    author     = {Menezes, Alfred J. and Vanstone, Scott A. and Oorschot, Paul C. Van},
    title      = {Handbook of Applied Cryptography},
    year       = {1996},
    edition    = {1st},
    publisher  = {CRC Press, Inc.}
}

@misc{rand,
    author          = {Ittai Abraham and Srinivas Devadas and Danny Dolev and Kartik Nayak and Ling Ren},
    title           = {Synchronous Byzantine Agreement with Expected {$\BigO{1}$} Rounds, Expected {$\BigO{n^2}$} Communication, and Optimal Resilience},
    year            = {2018}
}

@misc{linbft,
    title       = {{LinBFT}: Linear-Communication Byzantine Fault Tolerance for Public Blockchains},
    author      = {Yin Yang},
    year        = {2018}
}

@misc{sbft,
    title       = {{SBFT}: a Scalable and Decentralized Trust Infrastructure},
    author      = {Guy Golan Gueta and Ittai Abraham and Shelly Grossman and Dahlia Malkhi and Benny Pinkas and Michael K. Reiter and Dragos-Adrian Seredinschi and Orr Tamir and Alin Tomescu},
    year        = {2018}
}

@inproceedings{cheapbft,
    author      = {Kapitza, R\"{u}diger and Behl, Johannes and Cachin, Christian and Distler, Tobias and Kuhnle, Simon and Mohammadi, Seyed Vahid and Schr\"{o}der-Preikschat, Wolfgang and Stengel, Klaus},
    title       = {{CheapBFT}: Resource-efficient Byzantine Fault Tolerance},
    booktitle   = {Proceedings of the 7th ACM European Conference on Computer Systems},
    year        = {2012},
    pages       = {295--308},
    doi         = {10.1145/2168836.2168866},
    publisher   = {ACM}
} 

@article{minbft,
    author      = {Veronese, Giuliana Santos and Correia, Miguel and Bessani,  Alysson Neves and Lung, Lau Cheuk and Verissimo, Paulo},
    journal     = {IEEE Transactions on Computers},
    title       = {Efficient Byzantine Fault-Tolerance},
    year        = {2013},
    volume      = {62},
    number      = {1},
    pages       = {16--30},
    doi         = {10.1109/TC.2011.221},
    publisher   = {IEEE}
}

@book{dbdist,
    author      = {{\"O}zsu, M. Tamer and Valduriez, Patrick},
    title       = {Principles of Distributed Database Systems},
    year        = {2011},
    edition     = {3th},
    publisher   = {Springer New York}
}

@article{paxos,
    title       = {The implementation of reliable distributed multiprocess systems},
    journal     = {Computer Networks (1976)},
    volume      = {2},
    number      = {2},
    pages       = {95--114},
    year        = {1978},
    author      = {Leslie Lamport},
    doi         = {10.1016/0376-5075(78)90045-4}
}

@article{paxossimple,
    author      = {Lamport, Leslie},
    title       = {Paxos Made Simple},
    journal     = {ACM SIGACT News, Distributed Computing Column 5},
    volume      = {32},
    number      = {4},
    year        = {2001},
    pages       = {51--58},
    publisher   = {ACM},
    doi         = {10.1145/568425.568433}
}


@article{cap12, 
    author  = {Brewer, Eric}, 
    journal = {Computer}, 
    title   = {{CAP} twelve years later: How the ``rules'' have changed}, 
    year    = {2012}, 
    volume  = {45}, 
    number  = {2}, 
    pages   = {23--29},
    doi     = {10.1109/MC.2012.37}
}

@article{capproof,
    author      = {Gilbert, Seth and Lynch, Nancy},
    title       = {Brewer's Conjecture and the Feasibility of Consistent, Available, Partition-tolerant Web Services},
    journal     = {SIGACT News},
    volume      = {33},
    number      = {2},
    year        = {2002},
    pages       = {51--59},
    publisher   = {ACM},
    doi         = {10.1145/564585.564601}
}

@inproceedings{capthm,
    author      = {Brewer, Eric A.},
    title       = {Towards Robust Distributed Systems (Abstract)},
    booktitle   = {Proceedings of the Nineteenth Annual ACM Symposium on Principles of Distributed Computing},
    year        = {2000},
    pages       = {7--7},
    publisher   = {ACM},
    doi         = {10.1145/343477.343502}
}

@inproceedings{clussendba,
    author      = {Hellings, Jelle and Sadoghi, Mohammad},
    title       = {Brief Announcement: the fault-tolerant cluster-sending problem},
    year        = {2019},
    booktitle   = {33nd International Symposium on Distributed Computing}
}

@inproceedings{blockplane,
    author      = {Nawab, Faisal and Sadoghi, Mohammad},
    booktitle   = {35th International Conference on Data Engineering (ICDE)},
    title       = {Blockplane: A Global-Scale Byzantizing Middleware},
    year        = {2019},
    pages       = {124-135},
    doi         = {10.1109/ICDE.2019.00020},
    publisher   = {IEEE}
}


@inproceedings{mbftba,
    author      = {Gupta, Suyash and Hellings, Jelle and Sadoghi, Mohammad},
    title       = {Brief Announcement: revisiting consensus protocols through wait-free parallelization},
    year        = {2019},
    booktitle   = {33nd International Symposium on Distributed Computing}
}

@misc{geobft,
    author      = {Rahnama, Sajjad and Gupta, Suyash and Hellings, Jelle and Sadoghi, Mohammad},
    title       = {{ResilientDB}: Global Scale Resilient Blockchain Fabric},
    note        = {(to appear)}
}


@inproceedings{blockchaindbshort,
    author      = {El-Hindi, Muhammad and Heyden, Martin and Binnig, Carsten and Ramamurthy, Ravi and Arasu, Arvind and Kossmann, Donald},
    title       = {{BlockchainDB} -- Towards a Shared Database on Blockchains},
    booktitle   = {Proceedings of the 2019 International Conference on Management of Data},
    year        = {2019},
    location    = {Amsterdam, Netherlands},
    pages       = {1905--1908},
    doi         = {10.1145/3299869.3320237},
    publisher   = {ACM}
} 

@article{blockchaindb,
    author      = {El-Hindi, Muhammad and Binnig, Carsten and Arasu, Arvind and Kossmann, Donald and Ramamurthy, Ravi},
    title       = {{BlockchainDB}: A Shared Database on Blockchains},
    journal     = {Proceedings of the VLDB Endowment},
    volume      = {12},
    number      = {11},
    year        = {2019},
    pages       = {1597--1609},
    doi         = {10.14778/3342263.3342636},
    publisher   = {VLDB Endowment}
}

@article{blockmeetdb,
    author      = {Nathan, Senthil and Govindarajan, Chander and Saraf, Adarsh and Sethi, Manish and Jayachandran, Praveen},
    title       = {Blockchain Meets Database: Design and Implementation of a Blockchain Relational Database},
    journal     = {Proceedings of the VLDB Endowment},
    volume      = {12},
    number      = {11},
    year        = {2019},
    pages       = {1539--1552},
    doi         = {10.14778/3342263.3342632},
    publisher   = {VLDB Endowment}
} 

@article{caper,
    author      = {Amiri, Mohammad Javad and Agrawal, Divyakant and Abbadi, Amr El},
    title       = {{CAPER}: A Cross-application Permissioned Blockchain},
    journal     = {Proceedings of the VLDB Endowment},
    volume      = {12},
    number      = {11},
    year        = {2019},
    issn        = {2150-8097},
    pages       = {1385--1398},
    doi         = {10.14778/3342263.3342275},
    publisher   = {VLDB Endowment}
} 


@misc{postgres,
    author  = {{The PostgreSQL Global Development Group}},
    title   = {{PostgreSQL} Documentation: Chapter 26. High Availability, Load Balancing, and Replication},
    url     = {https://www.postgresql.org/docs/current/static/high-availability.html}
}

@misc{mssql,
    author  = {{Microsoft Docs}},
    title   = {{SQL Server} Replication},
    url     = {https://docs.microsoft.com/en-us/sql/relational-databases/replication/sql-server-replication}
}

@misc{oracleava,
    author  = {{Oracle Corporation}},
    title   = {Maximize Availability with {Oracle} {Database} 18c},
    url     = {https://www.oracle.com/technetwork/database/availability/maximum-availability-wp-18c-4403435.pdf}
}

@misc{mysql,
    author  = {{Oracle Corporation}},
    title   = {{MySQL} - {MySQL} 8.0 Reference Manual: 17 Replication},
    url     = {https://dev.mysql.com/doc/refman/8.0/en/replication.html}
}


@misc{postgrexl,
    title       = {{Postgres-XL}: Open Source Scalable {SQL} Database Cluster},
    url         = {https://www.postgres-xl.org/},
    author      = {{2ndQuadrant}}
    
}

@misc{msshard,
    author  = {{Microsoft Docs}},
    title   = {Sharding pattern},
    url     = {https://docs.microsoft.com/en-us/azure/architecture/patterns/sharding}
}

@misc{mysqlshard,
    author  = {{Oracle Corporation}},
    title   = {{MySQL} {NDB} Cluster: Scalability},
    url     = {https://www.mysql.com/products/cluster/scalability.html}
}

@misc{oracleshard,
    title   = {Oracle Sharding},
    url     = {https://www.oracle.com/database/technologies/high-availability/sharding.html},
    author  = {{Oracle Corporation}}
}


@article{bernstein,
    author      = {Bernstein, Philip A. and Chiu, Dah-Ming W.},
    title       = {Using Semi-Joins to Solve Relational Queries},
    journal     = {Journal of the ACM},
    volume      = {28},
    number      = {1},
    year        = {1981},
    pages       = {25--40},
    publisher   = {ACM},
    doi         = {10.1145/322234.322238}
} 


@book{inmemory,
    author      = {Plattner, Hasso and Zeier, Alexander},
    title       = {In-Memory Data Management: Technology and Applications},
    year        = {2012},
    publisher   = {Springer Berlin Heidelberg},
    doi         = {10.1007/978-3-642-29575-1}
}

@book{mainmemory,
    author      = {Faerber, Franz and Kemper, Alfons and Larson, Per-{\AA{}}ke and Levandoski, Justin and Neumann, Thomas and Pavlo, Andrew},
    title       = {Main Memory Database Systems},
    publisher   = {now Publishers Inc.},
    year        = {2017},
    doi         = {10.1561/1900000058}
}

@inproceedings{hardacc,
    author      = {Casper, Jared and Olukotun, Kunle},
    title       = {Hardware Acceleration of Database Operations},
    booktitle   = {Proceedings of the 2014 ACM/SIGDA International Symposium on Field-programmable Gate Arrays},
    year        = {2014},
    pages        = {151--160},
    doi         = {10.1145/2554688.2554787},
    publisher   = {ACM}
} 

@inproceedings{hardcommercial,
    author      = {Bandi, Nagender and Sun, Chengyu and Agrawal, Divyakant and El Abbadi, Amr},
    title       = {Hardware Acceleration in Commercial Databases: A Case Study of Spatial Operations},
    booktitle   = {Proceedings of the Thirtieth International Conference on Very Large Data Bases},
    year        = {2004},
    pages       = {1021--1032},
    publisher   = {VLDB Endowment}
} 

@inbook{gpusurv,
    author      = {Bre{\ss}, Sebastian and Heimel, Max and Siegmund, Norbert and Bellatreche, Ladjel and Saake, Gunter},
    title       = {GPU-Accelerated Database Systems: Survey and Open Challenges},
    booktitle   = {Transactions on Large-Scale Data- and Knowledge-Centered Systems XV: Selected Papers from ADBIS 2013 Satellite Events},
    year        = {2014},
    publisher   = {Springer Berlin Heidelberg},
    pages       = {1--35},
    doi         = {10.1007/978-3-662-45761-0_1}
}


@article{mapreduce,
    author      = {Dean, Jeffrey and Ghemawat, Sanjay},
    title       = {{MapReduce}: Simplified Data Processing on Large Clusters},
    journal     = {Communications of the ACM},
    volume      = {51},
    number      = {1},
    year        = {2008},
    pages       = {107--113},
    doi         = {10.1145/1327452.1327492},
    publisher   = {ACM}
} 

@misc{hadoop,
    author  = {{The Apache Software Foundation}},
    title   = {Apache {Hadoop}},
    url     = {https://hadoop.apache.org/}
}


@techreport{ecodam,
    title       = {The Cost of Malicious Cyber Activity to the {U.S.}\ Economy},
    url         = {https://www.whitehouse.gov/wp-content/uploads/2018/03/The-Cost-of-Malicious-Cyber-Activity-to-the-U.S.-Economy.pdf},
    year        = {2018},
    author      = {{The Council of Economic Advisers}},
    institution = {Executive Office of the President of the United States}
}

@misc{nhs,
    title   = {Investigation: WannaCry cyber attack and the {NHS}},
    url     = {https://www.nao.org.uk/report/investigation-wannacry-cyber-attack-and-the-nhs/},
    author  = {{National Audit Office}},
    year    = {2018}
}

@techreport{istrsi,
    url         = {https://www.symantec.com/content/dam/symantec/docs/security-center/white-papers/istr-ransomware-2017-en.pdf},
    title       = {Internet Security Threat Report: Ransomware 2017, An {ISTR} Special Report},
    year        = {2017},
    author      = {Dick O'Brie},
    institution = {Symantec}
}

@misc{istr2018,
    url         = {https://www.symantec.com/content/dam/symantec/docs/reports/istr-23-2018-en.pdf},
    title       = {Internet Security Threat Report, Volume 32},
    author      = {Symantec},
    year        = {2018},
}

@misc{notpetya,
    title   = {The Untold Story of {NotPetya}, the Most Devastating Cyberattack in History},
    url     = {https://www.wired.com/story/notpetya-cyberattack-ukraine-russia-code-crashed-the-world/},
    author  = {Andy Greenberg},
    year    = {2018}
}


@misc{kafka,
    author  = {{The Apache Software Foundation}},
    title   = {Apache {Kafka}: A distributed streaming platform},
    url     = {https://kafka.apache.org/}
}

@misc{basex,
    author  = {{The BaseX Team}},
    title   = {{BaseX}: The {XML} Framework - Lightweight and High-Performance Data Processing},
    url     = {http://basex.org/}
}

@misc{mongodb,
    author  = {{MongoDB, Inc.}},
    title   = {{MongoDB} for giant ideas},
    url     = {https://www.mongodb.com/}
}

@misc{arangodb,
    author  = {{ArangoDB, Inc.}},
    title   = {Multi-model highly available {NoSQL} database - {ArangoDB}},
    url     = {https://www.arangodb.com/}
}   

@misc{exist,
    author  = {{eXist Solutions}},
    title   = {{eXist-db} - The Open Source Native {XML} Database},
    url     = {http://www.exist-db.org/}
}

@book{existbook,
    author      = {Siegel, Erik and Retter, Adam},
    title       = {{eXist}: A {NoSQL} Document Database and Application Platform},
    year        = {2014},
    publisher   = {O'Reilly Media}
}

@misc{neo4j,
    author  = {{Neo4j, Inc.}},
    title   = {The {Neo4j} Graph Platform – The \#1 Platform for Connected Data},
    url     = {https://neo4j.com/}
}

@book{graphdbbook,
    author      = {Robinson, Ian and Webber, Jim and Eifrem, Emil},
    title       = {Graph Databases: New Opportunities for Connected Data},
    year        = {2015},
    publisher   = {O'Reilly Media}
}

@misc{redis,
    author  = {{The Redis open-source community}},
    url     = {https://redis.io/},
    title   = {Redis}
}

@misc{sparql,
    url     = {https://www.w3.org/TR/2013/REC-sparql11-query-20130321/},
    title   = {{SPARQL} 1.1 Query Language},
    note    = {{W3C} Recommendation 21 March 2013},
    author  = {Harris, Steve and Seaborne, Andy}
}

@misc{rdf,
    url     = {https://www.w3.org/TR/2014/REC-rdf11-concepts-20140225/},
    title   = {{RDF} 1.1 Concepts and Abstract Syntax},
    note    = {{W3C} Recommendation 25 February 2014},
    author  = {Cyganiak, Richard and Wood, David and Lanthaler, Markus}
}

@article{kafka_replog,
    author      = {Wang, Guozhang and Koshy, Joel and Subramanian, Sriram and Paramasivam, Kartik and Zadeh, Mammad and Narkhede, Neha and Rao, Jun and Kreps, Jay and Stein, Joe},
    title       = {Building a Replicated Logging System with {Apache} {Kafka}},
    journal     = {Proceedings of the VLDB Endowment},
    volume      = {8},
    number      = {12},
    year        = {2015},
    pages       = {1654--1655},
    publisher   = {VLDB Endowment},
    doi         = {10.14778/2824032.2824063}
}

@inproceedings{kafka_proclog,
    author      = {Kreps, Jay and Narkhede, Neha and Rao, Jun},
    title       = {Kafka: a Distributed Messaging System for Log Processing},
    booktitle   = {The 6th International Workshop on Networking Meets Databases},
    year        = {2011}
} 


@misc{flink,
    author  = {{The Apache Software Foundation}},
    title   = {Apache {Flink}: Stateful Computations over Data Streams},
    url     = {https://flink.apache.org/}
}

@article{dataflow,
    author      = {Akidau, Tyler and Bradshaw, Robert and Chambers, Craig and Chernyak, Slava and Fern\'{a}ndez-Moctezuma, Rafael J. and Lax, Reuven and McVeety, Sam and Mills, Daniel and Perry, Frances and Schmidt, Eric and Whittle, Sam},
    title       = {The Dataflow Model: A Practical Approach to Balancing Correctness, Latency, and Cost in Massive-scale, Unbounded, Out-of-order Data Processing},
    journal     = {Proceedings of the VLDB Endowment},
    volume      = {8},
    number      = {12},
    year        = {2015},
    pages       = {1792--1803},
    publisher   = {VLDB Endowment},
    doi         = {10.14778/2824032.2824076}
}

@techreport{idc,
    title       = {Data Age 2025: The Digitization of the World, From Edge to Core},
    author      = {David Reinsel and John Gantz and John Rydning},
    year        = {2018},
    institution = {IDC},
    url         = {https://www.seagate.com/files/www-content/our-story/trends/files/idc-seagate-dataage-whitepaper.pdf}
}

@inproceedings{hotstuff,
  title={Hotstuff: Bft consensus with linearity and responsiveness},
  author={Yin, Maofan and Malkhi, Dahlia and Reiter, Michael K and Gueta, Guy Golan and Abraham, Ittai},
  booktitle={Proceedings of the 2019 ACM Symposium on Principles of Distributed Computing},
  pages={347--356},
  year={2019}
}